<?xml version="1.0" encoding="UTF-8"?><collection xmlns="http://www.loc.gov/MARC21/slim"><record><leader>00541nam--2200133-i-4500</leader><controlfield tag="001">000037872</controlfield><controlfield tag="002">20161230</controlfield><controlfield tag="005">20161230201041</controlfield><controlfield tag="008">060222s1000------------r-----000-0-eng-d</controlfield><datafield ind1=" " ind2=" " tag="080"><subfield code="a">621.039.5(061.3)(491)</subfield></datafield><datafield ind1=" " ind2=" " tag="245"><subfield code="a">Fizica si energia. sesiune de comunicari stiintifice organizata in cadrul festivalului national cintarea romaniei. vol.1: lucrari przentate in sectiunea fizica reactorilor nucleari, reactori de putere si securitate nucleara</subfield></datafield><datafield ind1=" " ind2=" " tag="260"><subfield code="a">Pitesti, Irne, 1978, 481p</subfield></datafield><datafield ind1=" " ind2=" " tag="700"><subfield code="a">Rapeanu, S., Biro, L., Ciodaru, M</subfield></datafield><datafield ind1=" " ind2=" " tag="852"><subfield code="a">48222</subfield></datafield></record></collection>